@book{leemis2006discrete,
  title={Discrete-event simulation: A first course},
  author={Leemis, Lawrence M and Park, Stephen Keith},
  year={2006},
  publisher={Pearson Prentice Hall Upper Saddle River, NJ}
}

@book{sokolowski2010modeling,
  title={Modeling and simulation fundamentals: theoretical underpinnings and practical domains},
  author={Sokolowski, John A and Banks, Catherine M},
  year={2010},
  publisher={John Wiley \& Sons}
}

@incollection{sokolowski2010modelingdes,
  author      = "Rafael Diaz, Joshua G. Behr",
  title       = "Discrete-Event Simulation",
  editor      = "Sokolowski, John A and Banks, Catherine M",
  booktitle   = "Modeling and simulation fundamentals: theoretical underpinnings and practical domains",
  publisher={John Wiley \& Sons},
  year        = 2010,
  pages       = "57-98",
  chapter     = 3
}

@incollection{sokolowski2010modelingintro,
  author      = "Catherine M. Banks",
  title       = "Discrete-Event Simulation",
  editor      = "Sokolowski, John A and Banks, Catherine M",
  booktitle   = "Modeling and simulation fundamentals: theoretical underpinnings and practical domains",
  publisher={John Wiley \& Sons},
  year        = 2010,
  pages       = "1-24",
  chapter     = 1
}

@article{narayanasamy2006distinguishing,
  title={Distinguishing games and simulation games from simulators},
  author={Narayanasamy, Viknashvaran and Wong, Kok Wai and Fung, Chun Che and Rai, Shri},
  journal={Computers in Entertainment (CIE)},
  volume={4},
  number={2},
  pages={9--es},
  year={2006},
  publisher={ACM New York, NY, USA}
}

@book{patel2018data,
  title={Data Structure and Algorithm With C},
  author={Patel, Mayank},
  year={2018},
  publisher={Educreation Publishing}
}

@article{krenczyk2014production,
  title={Production planning and control using advanced simulation systems},
  author={Krenczyk, Damian and Olender, Malgorzata},
  journal={Int. J. Mod. Manuf. Technol},
  volume={6},
  number={2},
  pages={38--43},
  year={2014}
}

@inproceedings{hom2007automatic,
  title={Automatic design of balanced board games},
  author={Hom, Vincent and Marks, Joe},
  booktitle={Proceedings of the AAAI Conference on Artificial Intelligence and Interactive Digital Entertainment (AIIDE)},
  pages={25--30},
  year={2007}
}

@article{ghory2004reinforcement,
  title={Reinforcement learning in board games},
  author={Ghory, Imran},
  journal={Department of Computer Science, University of Bristol, Tech. Rep},
  volume={105},
  year={2004}
}

@article{ohriner1971finding,
  title={Finding the area under a curve by the Monte Carlo method},
  author={Ohriner, Marvin},
  journal={The Physics Teacher},
  volume={9},
  number={8},
  pages={449--450},
  year={1971},
  publisher={American Association of Physics Teachers}
}

@article{janssen2010evolution,
  title={The Evolution Of Rules In Shedding-Type Of Card Games},
  author={Janssen, Marco A},
  journal={Advances in Complex Systems},
  volume={13},
  number={06},
  pages={741--754},
  year={2010},
  publisher={World Scientific}
}

@article{silver2017mastering,
  title={Mastering the game of go without human knowledge},
  author={Silver, David and Schrittwieser, Julian and Simonyan, Karen and Antonoglou, Ioannis and Huang, Aja and Guez, Arthur and Hubert, Thomas and Baker, Lucas and Lai, Matthew and Bolton, Adrian and others},
  journal={nature},
  volume={550},
  number={7676},
  pages={354--359},
  year={2017},
  publisher={Nature Publishing Group}
}

@incollection{jacobson2006discrete,
  title={Discrete-event simulation of health care systems},
  author={Jacobson, Sheldon H and Hall, Shane N and Swisher, James R},
  booktitle={Patient flow: Reducing delay in healthcare delivery},
  pages={211--252},
  year={2006},
  publisher={Springer}
}

@article{jun1999application,
  title={Application of discrete-event simulation in health care clinics: A survey},
  author={Jun, JB and Jacobson, Sheldon H and Swisher, James R},
  journal={Journal of the operational research society},
  volume={50},
  number={2},
  pages={109--123},
  year={1999},
  publisher={Springer}
}

@book{gobet2004moves,
  title={Moves in mind: The psychology of board games},
  author={Gobet, Fernand and Retschitzki, Jean and de Voogt, Alex},
  year={2004},
  publisher={Psychology Press}
}

@article{misra1986distributed,
  title={Distributed discrete-event simulation},
  author={Misra, Jayadev},
  journal={ACM Computing Surveys (CSUR)},
  volume={18},
  number={1},
  pages={39--65},
  year={1986},
  publisher={ACM New York, NY, USA}
}

@misc{ wiki:deslist,
  author = {{List of discrete event simulation software}},
  title = "List of discrete event simulation software --- {W}ikipedia{,} The Free Encyclopedia",
  year = "2020",
  url = "https://en.wikipedia.org/w/index.php?title=List_of_discrete_event_simulation_software&oldid=969908216",
  note = "[Online; accessed 20-August-2020]"
}

@misc{ wiki:sheddinglist,
  author = {{Category:Shedding-type card games}},
  title = "Category:Shedding-type card games --- {W}ikipedia{,} The Free Encyclopedia",
  year = "2019",
  url = "https://en.wikipedia.org/w/index.php?title=Category:Shedding-type_card_games&oldid=904447540",
  note = "[Online; accessed 20-August-2020]"
}


